@online{codeWorld,
    title = {CodeWorld},
    url   = {https://code.world}
}

@article{combinatoryLogic,
    author       = {Haskell Brooks Curry and Robert Feys},
    journaltitle = {North-Holland Publishing Company},
    title        = {Combinatory Logic},
    year         = {1958}
}

@article{fpPaulHudak,
    author       = {Paul Hudak},
    journaltitle = {ACM Computing Surveys},
    title        = {Conception, Evolution, and Application of Functional Programming Languages},
    url          = {https://dl.acm.org/doi/pdf/10.1145/72551.72554},
    volume       = {21},
    year         = {1989}
}

@report{haskellConference,
    author      = {Simon Peyton Jones},
    institution = {Cambridge University Press},
    title       = {Haskell 98 Language and Libraries: The Revised Report},
    type        = {Technical Report},
    url         = {https://www.haskell.org/onlinereport/preface-jfp.html},
    year        = {2003}
}

@article{lambdaCalculus,
    author = {Henk Barendregt and Erik Barendsen},
    title  = {Introduction to Lambda Calculus},
    year   = {2000}
}

@article{lambdaTuringComplete,
    author       = {Alan Turing},
    journaltitle = {Journal of Symbolic Logic},
    title        = {Computability and $\lambda$-definability},
    url          = {https://www.jstor.org/stable/2268280},
    volume       = {2},
    year         = {1937}
}

@article{simplyTypedLambdaCalculus,
    author       = {Alonzo Church},
    journaltitle = {Journal of Symbolic Logic},
    title        = {A Formulation of the Simple Theory of Types},
    url          = {https://www.cambridge.org/core/journals/journal-of-symbolic-logic/article/abs/formulation-of-the-simple-theory-of-types/85B3666C7DD81A4F66966A399364B44B},
    volume       = {5},
    year         = {1940}
}

@misc{X,
    note = {Citation Needed}
}